@Book{h17,
    author    = {T. White},
    title     = {Hadoop: The Definitive Guide},
    publisher = {OReily Media},
    year      = {2009}
   }
   
 @InProceedings{22,
author = {A.Thusoo and J.Sarma and N.Jain and Z.Shao and P.Chakka and S.Anthony and H.Liu and P.Wyckoff and R.Murthy},
title = {Hive: a warehousing solution over a map reduce framework},
booktitle = {Proceedings of the VLDB Endowment},
pages = {1626-1629},
year = {2009},
volume = {2},
number = {2}
}

@Misc{webiste21,
author = {Aache Software Foundation},
title = {"Apache Pig"},
note = {Accessed August 2, 2014.\url{http://pig.apache.org}}
}




  